@article{wilkinson2016fair,
  title={The FAIR Guiding Principles for scientific data management and stewardship},
  author={Wilkinson, Mark D and Dumontier, Michel and Aalbersberg, IJsbrand Jan and Appleton, Gabrielle and Axton, Myles and Baak, Arie and Blomberg, Niklas and Boiten, Jan-Willem and da Silva Santos, Luiz Bonino and Bourne, Philip E and others},
  journal={Scientific data},
  volume={3},
  number={1},
  pages={1--9},
  year={2016},
  publisher={Nature Publishing Group}
}

@article{bizer2009emerging,
  title={The emerging web of linked data},
  author={Bizer, Christian},
  journal={IEEE intelligent systems},
  volume={24},
  number={5},
  pages={87--92},
  year={2009},
  publisher={IEEE}
}


@inproceedings{dwork2008differential,
  title={Differential privacy: A survey of results},
  author={Dwork, Cynthia},
  booktitle={International conference on theory and applications of models of computation},
  pages={1--19},
  year={2008},
  organization={Springer}
}


@article{mott2020private,
  title={Private Genomes and Public SNPs: Homomorphic encryption of genotypes and phenotypes for shared quantitative genetics},
  author={Mott, Richard and Fischer, Christian and Prins, Pjotr and Davies, Robert William},
  journal={Genetics},
  volume={215},
  number={2},
  pages={359--372},
  year={2020},
  publisher={Oxford University Press}
}

@article{sloan2016genenetwork,
  title={GeneNetwork: framework for web-based genetics},
  author={Sloan, Zachary and Arends, Danny and Broman, Karl W and Centeno, Arthur and Furlotte, Nicholas and Nijveen, Harm and Yan, Lei and Zhou, Xiang and Williams, Robert W and Prins, Pjotr},
  journal={Journal of Open Source Software},
  volume={1},
  number={2},
  pages={25},
  year={2016}
}

@article{wang2003webqtl,
  title={WebQTL},
  author={Wang, Jintao and Williams, Robert W and Manly, Kenneth F},
  journal={Neuroinformatics},
  volume={1},
  number={4},
  pages={299--308},
  year={2003},
  publisher={Springer}
}

@incollection{mulligan2017genenetwork,
  title={GeneNetwork: a toolbox for systems genetics},
  author={Mulligan, Megan K and Mozhui, Khyobeni and Prins, Pjotr and Williams, Robert W},
  booktitle={Systems Genetics},
  pages={75--120},
  year={2017},
  publisher={Springer}
}

@article{apweiler2004uniprot,
  title={UniProt: the universal protein knowledgebase},
  author={Apweiler, Rolf and Bairoch, Amos and Wu, Cathy H and Barker, Winona C and Boeckmann, Brigitte and Ferro, Serenella and Gasteiger, Elisabeth and Huang, Hongzhan and Lopez, Rodrigo and Magrane, Michele and others},
  journal={Nucleic acids research},
  volume={32},
  number={suppl\_1},
  pages={D115--D119},
  year={2004},
  publisher={Oxford University Press}
}

@article{gymrek2013identifying,
  title={Identifying personal genomes by surname inference},
  author={Gymrek, Melissa and McGuire, Amy L and Golan, David and Halperin, Eran and Erlich, Yaniv},
  journal={Science},
  volume={339},
  number={6117},
  pages={321--324},
  year={2013},
  publisher={American Association for the Advancement of Science}
}

@article{buil2013federating,
  title={Federating queries in SPARQL 1.1: Syntax, semantics and evaluation},
  author={Buil-Aranda, Carlos and Arenas, Marcelo and Corcho, Oscar and Polleres, Axel},
  journal={Journal of Web Semantics},
  volume={18},
  number={1},
  pages={1--17},
  year={2013},
  publisher={Elsevier}
}

@inproceedings{wang2009learning,
  title={Learning your identity and disease from research papers: information leaks in genome wide association study},
  author={Wang, Rui and Li, Yong Fuga and Wang, XiaoFeng and Tang, Haixu and Zhou, Xiaoyong},
  booktitle={Proceedings of the 16th ACM conference on Computer and communications security},
  pages={534--544},
  year={2009}
}

@article{homer2008resolving,
  title={Resolving individuals contributing trace amounts of DNA to highly complex mixtures using high-density SNP genotyping microarrays},
  author={Homer, Nils and Szelinger, Szabolcs and Redman, Margot and Duggan, David and Tembe, Waibhav and Muehling, Jill and Pearson, John V and Stephan, Dietrich A and Nelson, Stanley F and Craig, David W},
  journal={PLoS genetics},
  volume={4},
  number={8},
  pages={e1000167},
  year={2008},
  publisher={Public Library of Science San Francisco, USA}
}

@article{erlich2014routes,
  title={Routes for breaching and protecting genetic privacy},
  author={Erlich, Yaniv and Narayanan, Arvind},
  journal={Nature Reviews Genetics},
  volume={15},
  number={6},
  pages={409--421},
  year={2014},
  publisher={Nature Publishing Group}
}

@article{de2013users,
  title={Users’ attitudes, perception, and concerns in the era of whole genome sequencing},
  author={De Cristofaro, Emiliano},
  journal={CoRR},
  year={2013}
}

@inproceedings{johnson2013privacy,
  title={Privacy-preserving data exploration in genome-wide association studies},
  author={Johnson, Aaron and Shmatikov, Vitaly},
  booktitle={Proceedings of the 19th ACM SIGKDD international conference on Knowledge discovery and data mining},
  pages={1079--1087},
  year={2013}
}

@article{martens2018importance,
  title={The importance of data access regimes for artificial intelligence and machine learning},
  author={Martens, Bertin},
  year={2018},
  publisher={JRC Digital Economy Working Paper 2018-09}
}

@misc{stall2019make,
  title={Make scientific data FAIR},
  author={Stall, Shelley and Yarmey, Lynn and Cutcher-Gershenfeld, Joel and Hanson, Brooks and Lehnert, Kerstin and Nosek, Brian and Parsons, Mark and Robinson, Erin and Wyborn, Lesley},
  year={2019},
  publisher={Nature Publishing Group}
}

@misc{crocker2011addressing,
  title={Addressing scientific fraud},
  author={Crocker, Jennifer and Cooper, M Lynne},
  journal={Science},
  volume={334},
  number={6060},
  pages={1182--1182},
  year={2011},
  publisher={American Association for the Advancement of Science}
}

@article{sandve2013ten,
  title={Ten simple rules for reproducible computational research},
  author={Sandve, Geir Kjetil and Nekrutenko, Anton and Taylor, James and Hovig, Eivind},
  journal={PLoS computational biology},
  volume={9},
  number={10},
  pages={e1003285},
  year={2013},
  publisher={Public Library of Science San Francisco, USA}
}

@inproceedings{bajpai2017challenges,
  title={Challenges with reproducibility},
  author={Bajpai, Vaibhav and K{\"u}hlewind, Mirja and Ott, J{\"o}rg and Sch{\"o}nw{\"a}lder, J{\"u}rgen and Sperotto, Anna and Trammell, Brian},
  booktitle={Proceedings of the Reproducibility Workshop},
  pages={1--4},
  year={2017}
}

@article{theGuixEnvironment2022Gnu,
  title={Invoking guix container (GNU Guix Reference Manual)},
  year={2022},
  url={https://guix.gnu.org/manual/en/html_node/Invoking-guix-container.html}
}

@article{nlnetVariationGraph,
  title={variation graph (vgteam)},
  year={2022},
  url={https://nlnet.nl/project/VariationGraph/}
}

@article{hegp22,
  title={HEGP Challenge},
  year={2022},
  url={https://hegp.genenetwork.org/}
}

@inproceedings{erxleben2014introducing,
  title={Introducing Wikidata to the linked data web},
  author={Erxleben, Fredo and G{\"u}nther, Michael and Kr{\"o}tzsch, Markus and Mendez, Julian and Vrande{\v{c}}i{\'c}, Denny},
  booktitle={International semantic web conference},
  pages={50--65},
  year={2014},
  organization={Springer}
}

@inproceedings{malyshev2018getting,
  title={Getting the most out of Wikidata: semantic technology usage in Wikipedia’s knowledge graph},
  author={Malyshev, Stanislav and Kr{\"o}tzsch, Markus and Gonz{\'a}lez, Larry and Gonsior, Julius and Bielefeldt, Adrian},
  booktitle={International Semantic Web Conference},
  pages={376--394},
  year={2018},
  organization={Springer}
}

@article{redaschi2009uniprot,
  title={UniProt in RDF: tackling data integration and distributed annotation with the semantic web},
  author={Redaschi, Nicole and UniProt Consortium and others},
  journal={Nature precedings},
  pages={1--1},
  year={2009},
  publisher={Nature Publishing Group}
}

@misc{gnGitStats,
  title = {Genenetwork},
  year = {2022},
  howpublished = {\url{https://github.com/genenetwork/genenetwork2/pulse}},
}

@inproceedings{munoz2014using,
  title={Using linked data to mine RDF from wikipedia's tables},
  author={Mu{\~n}oz, Emir and Hogan, Aidan and Mileo, Alessandra},
  booktitle={Proceedings of the 7th ACM international conference on Web search and data mining},
  pages={533--542},
  year={2014}
}

@article{anderson2021highlights,
  title={Highlights from the Era of open source web-based tools},
  author={Anderson, Kristin R and Harris, Julie A and Ng, Lydia and Prins, Pjotr and Memar, Sara and Ljungquist, Bengt and F{\"u}rth, Daniel and Williams, Robert W and Ascoli, Giorgio A and Dumitriu, Dani},
  journal={Journal of Neuroscience},
  volume={41},
  number={5},
  pages={927--936},
  year={2021},
  publisher={Soc Neuroscience}
}

@article{gunturkun2022genecup,
  title={GeneCup: mining PubMed and GWAS catalog for gene-keyword relationships},
  author={Gunturkun, Mustafa Hakan and Flashner, Efraim and Wang, Tengfei and Mulligan, Megan K and Williams, Robert W and Prins, Pjotr and Chen, Hao},
  journal={G3 Genes| Genomes| Genetics},
  year={2022}
}

@misc{2022gnRefs,
  title = {Papers and References to GeneNetwork},
  year = {2022},
  howpublished = {\url{http://genenetwork.org/references/}},
}
