@misc{crocker2011addressing,
  title={Addressing scientific fraud},
  author={Crocker, Jennifer and Cooper, M Lynne},
  journal={Science},
  volume={334},
  number={6060},
  pages={1182--1182},
  year={2011},
  publisher={American Association for the Advancement of Science}
}

@article{sandve2013ten,
  title={Ten simple rules for reproducible computational research},
  author={Sandve, Geir Kjetil and Nekrutenko, Anton and Taylor, James and Hovig, Eivind},
  journal={PLoS computational biology},
  volume={9},
  number={10},
  pages={e1003285},
  year={2013},
  publisher={Public Library of Science San Francisco, USA}
}

@inproceedings{bajpai2017challenges,
  title={Challenges with reproducibility},
  author={Bajpai, Vaibhav and K{\"u}hlewind, Mirja and Ott, J{\"o}rg and Sch{\"o}nw{\"a}lder, J{\"u}rgen and Sperotto, Anna and Trammell, Brian},
  booktitle={Proceedings of the Reproducibility Workshop},
  pages={1--4},
  year={2017}
}

@article{theGuixEnvironment2022Gnu,
  title={Invoking guix container (GNU Guix Reference Manual)},
  year={2022},
  url={https://guix.gnu.org/manual/en/html_node/Invoking-guix-container.html}
}  